<?xml version="1.0" encoding="UTF-8"?><collection xmlns="http://www.loc.gov/MARC21/slim"><record><leader>00316nam--2200121-i-4500</leader><controlfield tag="001">000040946</controlfield><controlfield tag="002">20161230</controlfield><controlfield tag="005">20161230201042</controlfield><controlfield tag="008">060222s1000------------r-----000-0-eng-d</controlfield><datafield ind1=" " ind2=" " tag="080"><subfield code="a">061.62(498):001.891:539</subfield></datafield><datafield ind1=" " ind2=" " tag="245"><subfield code="a">Nipne-hh. scientific report, 1997, 1998</subfield></datafield><datafield ind1=" " ind2=" " tag="260"><subfield code="a">Bucharest, Nipne Hh.,1997. 285 P</subfield></datafield><datafield ind1=" " ind2=" " tag="852"><subfield code="a">80811</subfield></datafield></record></collection>